@misc{int_min_value,
  organization={Oracle Corporation},
  title={Integer MIN VALUE},
  url={https://docs.oracle.com/javase/8/docs/api/java/lang/Integer.html#MIN_VALUE},
  date={2019-12-05},
}

@misc{int_max_value,
  organization={Oracle Corporation},
  title={Integer MAX VALUE},
  url={https://docs.oracle.com/javase/8/docs/api/java/lang/Integer.html#MAX_VALUE},
  date={2019-12-05},
}

@misc{java_collection_hierarchy,
  organization={JavaTpoint},
  title={Java Collection Class and Interface hierarchy},
  url={https://www.javatpoint.com/collections-in-java},
  date={2019-12-04}
}

@misc{java_natural_order,
  organization={Oracle Corporation},
  title={Comparable (Java Platform SE 8)},
  url={https://docs.oracle.com/javase/8/docs/api/java/lang/Comparable.html},
  date={2019-12-05}
}

@misc{rotate_threshold_variable,
  organization={Oracle Corporation},
  title={jdk/Collections.java},
  url={https://github.com/openjdk/jdk/blob/81ec9e3087764708/src/java.base/share/classes/java/util/Collections.java#L779},
  date={2019-12-05}
}

@misc{rotate_threshold_branch,
  organization={Oracle Corporation},
  title={jdk/Collections.java},
  url={https://github.com/openjdk/jdk/blob/81ec9e3087764708/src/java.base/share/classes/java/util/Collections.java#L779},
  date={2019-12-05}
}
